@article{1999小波变换在短期气候预测模型研究中的应用,
  title={小波变换在短期气候预测模型研究中的应用},
  journal={高原气象},
  volume={18},
  number={1},
  pages={39-46},
  year={1999},
}

@article{2013基于海温、雪盖的影响广西热带气旋频数的气候预测模型研究,
  title={基于海温、雪盖的影响广西热带气旋频数的气候预测模型研究},
  journal={气象研究与应用},
  volume={34},
  number={3},
  pages={1-5},
  year={2013},
}

@book{2003气候系统的动力理论、模型和预测研究,
  title={气候系统的动力理论、模型和预测研究},
  year={2003},
}

@article{陈桂英1998短期气候预测评估方法和业务初估,
  title={短期气候预测评估方法和业务初估},
  author={陈桂英 and 赵振国},
  journal={应用气象学报},
  volume={9},
  number={2},
  pages={178-185},
  year={1998},
}

@article{王绍武2000短期气候预测的评估问题,
  title={短期气候预测的评估问题},
  author={王绍武 and 朱锦红},
  journal={应用气象学报},
  volume={11},
  number={s1},
  pages={1-10},
  year={2000},
}

@article{吴统文2013国家气候中心短期气候预测模式系统业务化进展,
  title={国家气候中心短期气候预测模式系统业务化进展},
  author={吴统文 and 宋连春 and 刘向文 and 李巧萍 and 梁潇云 and 程彦杰 and 周巍 and 聂肃平 and 张莉},
  journal={应用气象学报},
  volume={24},
  number={5},
  pages={533-543},
  year={2013},
}

@article{贾小龙2013我国短期气候预测技术进展,
  title={我国短期气候预测技术进展},
  author={贾小龙[1] and 陈丽娟[1] and 高辉[1] and 王永光[1] and 柯宗建[1] and 刘长征[1] and 宋文玲[1] and 吴统文[1] and 封国林[1] and 赵振国[1]},
  journal={应用气象学报},
  volume={24},
  number={6},
  pages={641-655},
  year={2013},
}

@article{余必容2001三级相关相似统计方法在短期气候预报中的应用,
  title={三级相关相似统计方法在短期气候预报中的应用},
  author={余必容},
  journal={暴雨灾害},
  volume={20},
  number={4},
  pages={23-24},
  year={2001},
}

@inproceedings{童文德2004利用综合异常天气气候信息判断区域暴雨短期气候趋势预测方法的研究,
  title={利用综合异常天气气候信息判断区域暴雨短期气候趋势预测方法的研究},
  author={童文德},
  booktitle={中国气象学会年会},
  year={2004},
}

@article{鞠永茂2011航空短期区域气候模式预测系统研究,
  title={航空短期区域气候模式预测系统研究},
  author={鞠永茂 and 王汉杰 and 万应虎 and 景丽 and 李良富 and 杨成荫 and JUYongmao and WANGHanjie and WANYinghu and JINGLi},
  journal={气候与环境研究},
  volume={16},
  number={1},
  pages={85-93},
  year={2011},
}

@book{2003天气与短期气候的多元判据综合相似预测方法,
  title={天气与短期气候的多元判据综合相似预测方法},
  year={2003},
}

@article{2005基于遗传算法的神经网络短期气候预测模型,
  title={基于遗传算法的神经网络短期气候预测模型},
  journal={高原气象},
  volume={24},
  number={6},
  pages={981-986},
  year={2005},
}

@book{Hastenrath1991Climate,
  title={Climate Prediction},
  author={Hastenrath, Stefan},
  year={1991},
}

@article{St2009Climate,
  title={Climate prediction: a limit to adaptation?},
  author={Stürchler, D and Stahel, E and Saladin, K and Saladin, B},
  year={2009},
}

@article{Hastenrath1995Recent,
  title={Recent Advances in Tropical Climate Prediction.},
  author={Hastenrath, Stefan},
  journal={Journal of Climate},
  volume={8},
  number={6},
  pages={1519-1532},
  year={1995},
}

@article{Nicholls1999Cognitive,
  title={Cognitive Illusions, Heuristics, and Climate Prediction},
  author={Nicholls, Neville},
  journal={Bulletin of the American Meteorological Society},
  volume={80},
  number={7},
  pages={1385-1398},
  year={1999},
}

@article{Palmer2004REPRESENTING,
  title={REPRESENTING MODEL UNCERTAINTY IN WEATHER AND CLIMATE PREDICTION},
  author={Palmer, T. N. and Shutts, G. J. and Hagedorn, R. and Doblasreyes, F. J. and Jung, T. and Leutbecher, M.},
  journal={Annual Review of Earth & Planetary Sciences},
  volume={33},
  number={33},
  pages={163-193},
  year={2004},
}

@article{Mochizuki2010Pacific,
  title={Pacific decadal oscillation hindcasts relevant to near-term climate prediction},
  author={Mochizuki, T and Ishii, M and Kimoto, M and Chikamoto, Y and Watanabe, M and Nozawa, T and Sakamoto, T. T. and Shiogama, H and Awaji, T and Sugiura, N},
  journal={Proceedings of the National Academy of Sciences of the United States of America},
  volume={107},
  number={5},
  pages={1833-1837},
  year={2010},
}

@article{Wallace2002Annular,
  title={Annular modes and climate prediction},
  author={Wallace, John M. and Thompson, David W. J.},
  journal={Physics Today},
  volume={55},
  number={2},
  pages={28-33},
  year={2002},
}

@article{Dunstone2010Impact,
  title={Impact of atmosphere and sub-surface ocean data on decadal climate prediction.},
  author={Dunstone, N. J and Smith, D. M},
  journal={Geophysical Research Letters},
  volume={37},
  number={2},
  pages={211-228},
  year={2010},
}
